<?xml version="1.0" encoding="UTF-8"?><record xmlns="http://www.loc.gov/MARC21/slim" xmlns:cinclude="http://apache.org/cocoon/include/1.0" xmlns:zs="http://www.loc.gov/zing/srw/">
  <leader>00601nz  a2200157n  4500</leader>
  <controlfield tag="001">nb2009027630</controlfield>
  <controlfield tag="003">DLC</controlfield>
  <controlfield tag="005">20091101075047.0</controlfield>
  <controlfield tag="008">091030n| acannaabn          |n aaa      </controlfield>
  <datafield tag="010" ind1=" " ind2=" ">
    <subfield code="a">nb2009027630</subfield>
  </datafield>
  <datafield tag="035" ind1=" " ind2=" ">
    <subfield code="a">(Uk)007614386</subfield>
  </datafield>
  <datafield tag="040" ind1=" " ind2=" ">
    <subfield code="a">Uk</subfield>
    <subfield code="b">eng</subfield>
    <subfield code="c">Uk</subfield>
  </datafield>
  <datafield tag="100" ind1="1" ind2=" ">
    <subfield code="a">Thomas, Martin,</subfield>
    <subfield code="d">1964 July 2-</subfield>
  </datafield>
  <datafield tag="667" ind1=" " ind2=" ">
    <subfield code="a">Formerly on undifferentiated name record n2006056787</subfield>
  </datafield>
  <datafield tag="670" ind1=" " ind2=" ">
    <subfield code="a">Crowd surfing, 2008:</subfield>
    <subfield code="b">t.p. (Martin Thomas) p.[ix] (former global head of communications planning at Mediaedge:cia) BL e-mail sent 21 Oct. 2009</subfield>
  </datafield>
  <datafield tag="670" ind1=" " ind2=" ">
    <subfield code="a">E-mail from author, 30 Oct. 2009</subfield>
    <subfield code="b">(Martin Robert Thomas, born 2 July 1964)</subfield>
  </datafield>
</record>